% Encoding: UTF-8

%% Saved with string encoding Unicode (UTF-8) 



@article{Niu:2018ejh,
	Archiveprefix = {arXiv},
	Author = {Niu, Z. M. and Liang, H. Z.},
	Date-Added = {2018-01-18 19:52:26 +0000},
	Date-Modified = {2018-01-18 19:52:26 +0000},
	Doi = {10.1016/j.physletb.2018.01.002},
	Eprint = {1801.04411},
	Journal = {Phys. Lett.},
	Pages = {48-53},
	Primaryclass = {nucl-th},
	Reportnumber = {RIKEN-iTHEMS-Report-17, RIKEN-QHP-347},
	Slaccitation = {%%CITATION = ARXIV:1801.04411;%%},
	Title = {{Nuclear mass predictions based on Bayesian neural network approach with pairing and shell effects}},
	Volume = {B778},
	Year = {2018},
	Bdsk-Url-1 = {https://dx.doi.org/10.1016/j.physletb.2018.01.002}}

@article{Qi:2018shh,
	Archiveprefix = {arXiv},
	Author = {Qi, Xiao-Liang and Yang, Zhao},
	Date-Added = {2018-01-18 19:52:25 +0000},
	Date-Modified = {2018-01-18 19:52:25 +0000},
	Eprint = {1801.05289},
	Primaryclass = {hep-th},
	Slaccitation = {%%CITATION = ARXIV:1801.05289;%%},
	Title = {{Space-time random tensor networks and holographic duality}},
	Year = {2018}}

@inproceedings{Cioara:2018ixd,
	Archiveprefix = {arXiv},
	Author = {Cioar{\u a}, Irina Antonela},
	Booktitle = {{10th International Workshop on Top Quark Physics (TOP2017) Braga, Portugal, September 17-22, 2017}},
	Collaboration = {ATLAS},
	Date-Added = {2018-01-18 19:52:21 +0000},
	Date-Modified = {2018-01-18 19:52:21 +0000},
	Eprint = {1801.05250},
	Primaryclass = {hep-ex},
	Slaccitation = {%%CITATION = ARXIV:1801.05250;%%},
	Title = {{Measurement of the production cross-section of a single top-quark in association with a $Z$ boson at 13 TeV with the ATLAS detector}},
	Url = {http://inspirehep.net/record/1648405/files/arXiv:1801.05250.pdf},
	Year = {2018},
	Bdsk-Url-1 = {http://inspirehep.net/record/1648405/files/arXiv:1801.05250.pdf}}

@article{Shanahan:2018vcv,
	Archiveprefix = {arXiv},
	Author = {Shanahan, Phiala E. and Trewartha, Daniel and Detmold, William},
	Date-Added = {2018-01-18 19:52:19 +0000},
	Date-Modified = {2018-01-18 19:52:19 +0000},
	Eprint = {1801.05784},
	Primaryclass = {hep-lat},
	Reportnumber = {MIT-CTP-4980},
	Slaccitation = {%%CITATION = ARXIV:1801.05784;%%},
	Title = {{Machine learning action parameters in lattice quantum chromodynamics}},
	Year = {2018}}

@misc{:aa,
	Date-Added = {2018-01-18 19:51:04 +0000},
	Date-Modified = {2018-01-18 19:51:04 +0000},
	Title = {No data returned from server},
	Url = {http://ieeexplore.ieee.org/xpl/downloadCitations},
	Bdsk-Url-1 = {http://ieeexplore.ieee.org/xpl/downloadCitations}}

@Comment{jabref-meta: databaseType:bibtex;}
