% Encoding: UTF-8

@InProceedings{Agarwal2017,
  author    = {A. Agarwal and D. Yadav and N. Kohli and R. Singh and M. Vatsa and A. Noore},
  title     = {Face Presentation Attack with Latex Masks in Multispectral Videos},
  booktitle = {Proc. IEEE Conf. Computer Vision and Pattern Recognition Workshops (CVPRW)},
  year      = {2017},
  pages     = {275--283},
  month     = jul,
  doi       = {10.1109/CVPRW.2017.40},
  keywords  = {face recognition, infrared imaging, infrared spectra, video signal processing, visible spectra, visual databases, MLFP database, face recognition algorithms, face recognition systems, identity concealment effect, infrared spectrums, latex masks, multispectral latex mask based video face presentation attack database, multispectral video face database, paper masks, person identity, thermal imaging spectrum, thermal spectrums, visible spectrum, visible spectrums, Databases, Face, Face recognition, Probes, Three-dimensional displays, Two dimensional displays, Videos},
}

@Article{Arnatovich2018,
  author   = {Y. L. Arnatovich and L. Wang and N. M. Ngo and C. Soh},
  title    = {A Comparison of Android Reverse Engineering Tools via Program Behaviours Validation Based on Intermediate Languages Transformation},
  journal  = {IEEE Access},
  year     = {2018},
  volume   = {PP},
  number   = {99},
  pages    = {1},
  doi      = {10.1109/ACCESS.2018.2808340},
  keywords = {Androids, Humanoid robots, Java, Memory management, Testing, Tools, Virtual machining, event-based testing, intermediate languages, program behaviours, reliability, reverse engineering, statistics},
}

@InProceedings{Gujjar2017,
  author    = {C. Gujjar and S. Sunil and A. Mukhopadhyay},
  title     = {A survey on wireless Ad-hoc implementations in android-based smartphones},
  booktitle = {Proc. Int. Conf. Communication and Signal Processing (ICCSP)},
  year      = {2017},
  pages     = {0894--0899},
  month     = apr,
  doi       = {10.1109/ICCSP.2017.8286498},
  keywords  = {Ad hoc networks, Androids, Humanoid robots, Mobile communication, Mobile computing, Peer-to-peer computing, Smart phones, Ad-Hoc, Android, MANETs, Smartphones},
}

@InProceedings{Andrews2017,
  author    = {L. J. B. Andrews and L. Raja},
  title     = {Remote based patient monitoring system using wearable sensors through online and offline mode for android based mobile platforms},
  booktitle = {Proc. Int. Conf. Infocom Technologies and Unmanned Systems (Trends and Future Directions) (ICTUS)},
  year      = {2017},
  pages     = {602--606},
  month     = dec,
  doi       = {10.1109/ICTUS.2017.8286080},
  keywords  = {Biomedical monitoring, Blood pressure, Monitoring, Servers, Temperature measurement, Temperature sensors, AmI, Geographic position Server(GPS), Health Monitoring Devices, Health sensors},
}

@InProceedings{Khan2017,
  author    = {M. N. R. Khan and H. H. Sonet and F. Yasmin and S. Yesmin and F. Sarker and K. A. Mamun},
  title     = {{\textquoteleft}Bolte Chai {\textquoteright} --- An Android application for verbally challenged children},
  booktitle = {Proc. 4th Int. Conf. Advances in Electrical Engineering (ICAEE)},
  year      = {2017},
  pages     = {541--545},
  month     = sep,
  doi       = {10.1109/ICAEE.2017.8255415},
  keywords  = {Android (operating system), computer aided instruction, handicapped aids, mobile computing, mobile handsets, teaching, Bolte Chai, android app, android application, communication possibility, communication skills, mobile phone applications, mobile phones, mobile technology, verbal challenges, verbal disabilities, verbally challenged children, verbally challenged students, verbally challenged users, western countries different kinds, AAC, ASD, CCU, CP, ICU, android applications, android devices, verbally challenged children},
}

@InProceedings{Isnaini2017,
  author    = {R. Isnaini and Basori and R. A. Yuana and D. Maryono},
  title     = {Designing Android reward system application in education to improve learning quality},
  booktitle = {Proc. and Electrical Engineering (ICITACEE) 2017 4th Int. Conf. Information Technology, Computer},
  year      = {2017},
  pages     = {9--14},
  month     = oct,
  doi       = {10.1109/ICITACEE.2017.8257666},
  keywords  = {Android (operating system), ISO standards, computer aided instruction, mobile computing, software quality, Android reward system application, learning application test, learning quality, mobile application standard, system efficiency, system functionality, waterfall development model, Androids, Hardware, Humanoid robots, Media, Testing, Usability, android, learning, reward},
}

@InProceedings{Kostadinovic2017,
  author    = {S. Kostadinović and N. Vranić},
  title     = {Integracija digitalnog {TV} prijemnika na ure {{\dj}}aje sa Android sistemom},
  booktitle = {Proc. 25th Telecommunication Forum (TELFOR)},
  year      = {2017},
  pages     = {1--4},
  month     = nov,
  doi       = {10.1109/TELFOR.2017.8249448},
  keywords  = {Android (operating system), digital television, mobile handsets, set-top boxes, Android OS system, Android mobile device, communication device, digital TV, set top box, television program, Androids, Digital video broadcasting, Humanoid robots, Media, TV, Universal Serial Bus, Android sistem, DVB standard, Linux DVB API, digitalna televizija},
}

@Misc{Developers2011,
  author        = {Developers, Android},
  title         = {What is android},
  year          = {2011},
  __markedentry = {[swareham:]},
  publisher     = {Android Developers, http://developer. android. com/guide/basics/what-is-android. html, accessed May},
}

@Article{Arzt2014,
  author        = {Arzt, Steven and Rasthofer, Siegfried and Fritz, Christian and Bodden, Eric and Bartel, Alexandre and Klein, Jacques and Le Traon, Yves and Octeau, Damien and McDaniel, Patrick},
  title         = {Flowdroid: Precise context, flow, field, object-sensitive and lifecycle-aware taint analysis for android apps},
  journal       = {Acm Sigplan Notices},
  year          = {2014},
  volume        = {49},
  number        = {6},
  pages         = {259--269},
  __markedentry = {[swareham:]},
  publisher     = {ACM},
}

@Book{Meier2012,
  title         = {Professional Android 4 application development},
  publisher     = {John Wiley \& Sons},
  year          = {2012},
  author        = {Meier, Reto},
  __markedentry = {[swareham:]},
}

@Article{Ongtang2012,
  author        = {Ongtang, Machigar and McLaughlin, Stephen and Enck, William and McDaniel, Patrick},
  title         = {Semantically rich application-centric security in Android},
  journal       = {Security and Communication Networks},
  year          = {2012},
  volume        = {5},
  number        = {6},
  pages         = {658--673},
  __markedentry = {[swareham:]},
  publisher     = {Wiley Online Library},
}

%% Saved with string encoding Unicode (UTF-8)

@Article{Niu2018,
  author        = {Niu, Z. M. and Liang, H. Z.},
  title         = {{Nuclear mass predictions based on Bayesian neural network approach with pairing and shell effects}},
  journal       = {Phys. Lett.},
  year          = {2018},
  volume        = {B778},
  pages         = {48-53},
  __markedentry = {[swareham:6]},
  archiveprefix = {arXiv},
  bdsk-url-1    = {https://dx.doi.org/10.1016/j.physletb.2018.01.002},
  date-added    = {2018-01-18 19:52:26 +0000},
  date-modified = {2018-01-18 19:52:26 +0000},
  doi           = {10.1016/j.physletb.2018.01.002},
  eprint        = {1801.04411},
  primaryclass  = {nucl-th},
  reportnumber  = {RIKEN-iTHEMS-Report-17, RIKEN-QHP-347},
  slaccitation  = {%%CITATION = ARXIV:1801.04411;%%},
}

@Article{Qi2018,
  author        = {Qi, Xiao-Liang and Yang, Zhao},
  title         = {{Space-time random tensor networks and holographic duality}},
  year          = {2018},
  __markedentry = {[swareham:6]},
  archiveprefix = {arXiv},
  date-added    = {2018-01-18 19:52:25 +0000},
  date-modified = {2018-01-18 19:52:25 +0000},
  eprint        = {1801.05289},
  primaryclass  = {hep-th},
  slaccitation  = {%%CITATION = ARXIV:1801.05289;%%},
}

@InProceedings{Cioarua2018,
  author        = {Cioar{\u a}, Irina Antonela},
  title         = {{Measurement of the production cross-section of a single top-quark in association with a $Z$ boson at 13 TeV with the ATLAS detector}},
  booktitle     = {{10th International Workshop on Top Quark Physics (TOP2017) Braga, Portugal, September 17-22, 2017}},
  year          = {2018},
  __markedentry = {[swareham:6]},
  archiveprefix = {arXiv},
  bdsk-url-1    = {http://inspirehep.net/record/1648405/files/arXiv:1801.05250.pdf},
  collaboration = {ATLAS},
  date-added    = {2018-01-18 19:52:21 +0000},
  date-modified = {2018-01-18 19:52:21 +0000},
  eprint        = {1801.05250},
  primaryclass  = {hep-ex},
  slaccitation  = {%%CITATION = ARXIV:1801.05250;%%},
  url           = {http://inspirehep.net/record/1648405/files/arXiv:1801.05250.pdf},
}

@Article{Shanahan2018,
  author        = {Shanahan, Phiala E. and Trewartha, Daniel and Detmold, William},
  title         = {{Machine learning action parameters in lattice quantum chromodynamics}},
  year          = {2018},
  __markedentry = {[swareham:6]},
  archiveprefix = {arXiv},
  date-added    = {2018-01-18 19:52:19 +0000},
  date-modified = {2018-01-18 19:52:19 +0000},
  eprint        = {1801.05784},
  primaryclass  = {hep-lat},
  reportnumber  = {MIT-CTP-4980},
  slaccitation  = {%%CITATION = ARXIV:1801.05784;%%},
}

@Comment{jabref-meta: databaseType:bibtex;}
